@book{colbourn2006handbook,
  editor    = {Charles J. Colbourn and Jeffrey H. Dinitz},
  title     = {Handbook of Combinatorial Designs},
  edition   = {2},
  year      = {2006},
  publisher = {Chapman and Hall/CRC},
  doi       = {10.1201/9781420010541},
  url       = {https://doi.org/10.1201/9781420010541}
}

@article{delsarte1977spherical,
  author    = {Philippe Delsarte and Jean-Marie Goethals and Johan J. Seidel},
  title     = {Spherical codes and designs},
  journal   = {Geometriae Dedicata},
  volume    = {6},
  pages     = {363--388},
  year      = {1977},
  doi       = {10.1007/BF03187604},
  url       = {https://doi.org/10.1007/BF03187604}
}

@article{Iosue2024projectivetoric,
  doi = {10.22331/q-2024-12-03-1546},
  url = {https://doi.org/10.22331/q-2024-12-03-1546},
  title = {Projective toric designs, quantum state designs, and mutually unbiased bases},
  author = {Iosue, Joseph T. and Mooney, T. C. and Ehrenberg, Adam and Gorshkov, Alexey V.},
  journal = {{Quantum}},
  issn = {2521-327X},
  publisher = {{Verein zur F{\"{o}}rderung des Open Access Publizierens in den Quantenwissenschaften}},
  volume = {8},
  pages = {1546},
  month = dec,
  year = {2024}
}

@article{Price_Whelan_2017,
   title={The Joker: A Custom Monte Carlo Sampler for Binary-star and Exoplanet Radial Velocity Data},
   volume={837},
   ISSN={1538-4357},
   url={http://dx.doi.org/10.3847/1538-4357/aa5e50},
   DOI={10.3847/1538-4357/aa5e50},
   number={1},
   journal={The Astrophysical Journal},
   publisher={American Astronomical Society},
   author={Price-Whelan, Adrian M. and Hogg, David W. and Foreman-Mackey, Daniel and Rix, Hans-Walter},
   year={2017},
   month=feb, pages={20} }